<record><leader>00000cas a22000007a 4500</leader><controlfield tag="001">27316889</controlfield><controlfield tag="008">930125d1902190unmuwr ne      0    0eng d</controlfield><datafield ind1=" " ind2=" " tag="010"><subfield code="a">sn 93061374 </subfield></datafield><datafield ind1=" " ind2=" " tag="040"><subfield code="a">NVM</subfield><subfield code="b">eng</subfield><subfield code="c">NVM</subfield><subfield code="d">OCLCQ</subfield></datafield><datafield ind1=" " ind2=" " tag="042"><subfield code="a">msc</subfield></datafield><datafield ind1=" " ind2=" " tag="043"><subfield code="a">n-us-nm</subfield></datafield><datafield ind1="0" ind2="4" tag="245"><subfield code="a">The Santa Rosa star.</subfield></datafield><datafield ind1=" " ind2=" " tag="260"><subfield code="a">Santa Rosa, N.M. :</subfield><subfield code="b">E.G. Cooper</subfield></datafield><datafield ind1=" " ind2=" " tag="300"><subfield code="a">v.</subfield></datafield><datafield ind1=" " ind2=" " tag="310"><subfield code="a">Weekly</subfield></datafield><datafield ind1="0" ind2=" " tag="362"><subfield code="a">Vol. 1, no. 1 (Jan. 30, 1902)-</subfield></datafield><datafield ind1="1" ind2=" " tag="362"><subfield code="a">Ceased with Mar. 26, 1903?</subfield><subfield code="z">Cf. Grove, Pearce S. /New Mexico newspapers.</subfield></datafield><datafield ind1=" " ind2=" " tag="530"><subfield code="a">Also on microfilm: Albuquerque, N.M. : University of New Mexico Library.</subfield></datafield><datafield ind1=" " ind2="4" tag="651"><subfield code="a">Santa Rosa (N.M.)</subfield><subfield code="v">Newspapers.</subfield></datafield><datafield ind1=" " ind2="4" tag="651"><subfield code="a">Guadalupe County (N.M.)</subfield><subfield code="v">Newspapers.</subfield></datafield><datafield ind1=" " ind2=" " tag="752"><subfield code="a">United States</subfield><subfield code="b">New Mexico</subfield><subfield code="c">Guadalupe</subfield><subfield code="d">Santa Rosa.</subfield></datafield><datafield ind1="0" ind2="0" tag="785"><subfield code="t">Tucumcari times</subfield></datafield><datafield ind1="1" ind2=" " tag="029"><subfield code="a">AU@</subfield><subfield code="b">000020743071</subfield></datafield></record>